<record><leader>00000cas a22000007a 4500</leader><controlfield tag="001">9647576</controlfield><controlfield tag="008">830625d18371843ohuwr ne      0    0eng d</controlfield><datafield ind1=" " ind2=" " tag="010"><subfield code="a">sn 83035160 </subfield></datafield><datafield ind1=" " ind2=" " tag="040"><subfield code="a">NPY</subfield><subfield code="b">eng</subfield><subfield code="c">NPY</subfield><subfield code="d">NPX</subfield><subfield code="d">DLC</subfield><subfield code="d">ONP</subfield><subfield code="d">OCL</subfield><subfield code="d">OCLCF</subfield><subfield code="d">OCLCO</subfield></datafield><datafield ind1="1" ind2=" " tag="029"><subfield code="a">AU@</subfield><subfield code="b">000020128138</subfield></datafield><datafield ind1=" " ind2=" " tag="042"><subfield code="a">msc</subfield></datafield><datafield ind1="0" ind2="0" tag="050"><subfield code="a">Newspaper 9269</subfield></datafield><datafield ind1="0" ind2="0" tag="245"><subfield code="a">Cleveland herald and gazette.</subfield></datafield><datafield ind1=" " ind2=" " tag="260"><subfield code="a">Cleveland, Ohio :</subfield><subfield code="b">Whittlesey &amp; Hull,</subfield><subfield code="c">1837-1843.</subfield></datafield><datafield ind1=" " ind2=" " tag="300"><subfield code="a">v.</subfield></datafield><datafield ind1=" " ind2=" " tag="310"><subfield code="a">Weekly</subfield></datafield><datafield ind1="0" ind2=" " tag="362"><subfield code="a">Vol. 18, no. 45 (Mar. 25, 1837)-v. 25, no. 15 (Sept. 20, 1843) = v. 1, no. 13-v. 7 no. 7.</subfield></datafield><datafield ind1=" " ind2=" " tag="500"><subfield code="a">Whig.</subfield></datafield><datafield ind1=" " ind2=" " tag="515"><subfield code="a">Issue for Jan. 4, 1843 misdated 1842.</subfield></datafield><datafield ind1=" " ind2=" " tag="525"><subfield code="a">Has occasional supplements.</subfield></datafield><datafield ind1=" " ind2=" " tag="555"><subfield code="a">Subject and personal name index: 1837-1843.  7 v.</subfield></datafield><datafield ind1=" " ind2=" " tag="580"><subfield code="a">Daily eds.: Daily herald and gazette, 1837-1839; Daily Cleveland herald (Cleveland, Ohio : 1839), 1839; and: Cleveland daily herald (Cleveland, Ohio : 1839), 1839-1843.</subfield></datafield><datafield ind1=" " ind2="0" tag="651"><subfield code="a">Cleveland (Ohio)</subfield><subfield code="v">Newspapers.</subfield></datafield><datafield ind1=" " ind2="0" tag="651"><subfield code="a">Cuyahoga County (Ohio)</subfield><subfield code="v">Newspapers.</subfield></datafield><datafield ind1=" " ind2="7" tag="655"><subfield code="a">Newspapers.</subfield><subfield code="2">fast</subfield><subfield code="0">(OCoLC)fst01423814</subfield></datafield><datafield ind1=" " ind2="7" tag="651"><subfield code="a">Ohio</subfield><subfield code="z">Cleveland.</subfield><subfield code="2">fast</subfield><subfield code="0">(OCoLC)fst01205966</subfield></datafield><datafield ind1=" " ind2="7" tag="651"><subfield code="a">Ohio</subfield><subfield code="z">Cuyahoga County.</subfield><subfield code="2">fast</subfield><subfield code="0">(OCoLC)fst01202752</subfield></datafield><datafield ind1=" " ind2=" " tag="752"><subfield code="a">United States</subfield><subfield code="b">Ohio</subfield><subfield code="c">Cuyahoga</subfield><subfield code="d">Cleveland.</subfield></datafield><datafield ind1="1" ind2=" " tag="775"><subfield code="t">Daily herald and gazette</subfield><subfield code="w">(DLC)sn 83035149</subfield></datafield><datafield ind1="1" ind2=" " tag="775"><subfield code="t">Daily Cleveland herald (Cleveland, Ohio : 1839)</subfield><subfield code="w">(DLC)sn 90068536</subfield></datafield><datafield ind1="1" ind2=" " tag="775"><subfield code="t">Cleveland daily herald (Cleveland, Ohio : 1839)</subfield><subfield code="w">(DLC)sn 83035150</subfield></datafield><datafield ind1="0" ind2="4" tag="780"><subfield code="t">Cleveland herald (Cleveland, Ohio : 1832)</subfield><subfield code="w">(DLC)sn 83035157</subfield></datafield><datafield ind1="0" ind2="4" tag="780"><subfield code="t">Cleveland weekly gazette</subfield><subfield code="w">(DLC)sn 83035159</subfield></datafield><datafield ind1="0" ind2="0" tag="785"><subfield code="t">Cleveland herald (Cleveland, Ohio : 1843 : Weekly)</subfield><subfield code="w">(DLC)sn 83035161</subfield></datafield></record>